@ARTICLE{wosbib1,
  author = {Фамилия, И. О. and Фамилия2, И. О. and Фамилия3, И. О.},
  addendum = {(0,21~п.~л.)},
  title = {Название статьи},
  journal = {Журнал},
  year = {2011},
  volume = {1},
  number = {8},
  pages = {105--120},
  language = {russian},
}

@article{Gleim:16,
author = {A. V. Gleim and V. I. Egorov and Yu. V. Nazarov and S. V. Smirnov and V. V. Chistyakov and O. I. Bannik and A. A. Anisimov and S. M. Kynev and A. E. Ivanova and R. J. Collins and S. A. Kozlov and G. S. Buller},
journal = {Opt. Express},
keywords = {Quantum communications ; Quantum cryptography ; Fiber Bragg gratings; Fiber optic communications; Optical networks; Optical signals; Phase modulation; Single mode fibers},
number = {3},
pages = {2619--2633},
publisher = {OSA},
title = {Secure polarization-independent subcarrier quantum key distribution in optical fiber channel using BB84 protocol with a strong reference},
volume = {24},
month = {Feb},
year = {2016},
url = {http://www.opticsexpress.org/abstract.cfm?URI=oe-24-3-2619},
doi = {10.1364/OE.24.002619},
abstract = {A quantum key distribution system based on the subcarrier wave modulation method has been demonstrated which employs the BB84 protocol with a strong reference to generate secure bits at a rate of 16.5 kbit/s with an error of 0.5\% over an optical channel of 10 dB loss, and 18 bits/s with an error of 0.75\% over 25 dB of channel loss. To the best of our knowledge, these results represent the highest channel loss reported for secure quantum key distribution using the subcarrier wave approach. A passive unidirectional scheme has been used to compensate for the polarization dependence of the phase modulators in the receiver module, which resulted in a high visibility of 98.8\%. The system is thus fully insensitive to polarization fluctuations and robust to environmental changes, making the approach promising for use in optical telecommunication networks. Further improvements in secure key rate and transmission distance can be achieved by implementing the decoy states protocol or by optimizing the mean photon number used in line with experimental parameters.},
}

@inproceedings{Gleim:15,
author = {Artur V. Gleim and Vladimir Egorov and Yuri V. Nazarov and Semen V. Smirnov and Vladimir V. Chistyakov and Oleg I. Bannik and Andrey A. Anisimov and Sergei M. Kynev and Robert J. Collins and Sergei A. Kozlov and Gerald S. Buller},
booktitle = {CLEO: 2015},
journal = {CLEO: 2015},
keywords = {Fiber optics communications; Quantum cryptography ; Fiber Bragg gratings; Optical networks; Optical signals; Phase shift; Quantum cryptography; Quantum key distribution},
pages = {FF1A.5},
publisher = {Optical Society of America},
title = {Polarization Insensitive 100 MHz Clock Subcarrier Quantum Key Distribution over a 45 dB Loss Optical Fiber Channel},
year = {2015},
url = {http://www.osapublishing.org/abstract.cfm?URI=CLEO_QELS-2015-FF1A.5},
doi = {10.1364/CLEO_QELS.2015.FF1A.5},
abstract = {We experimentally demonstrate quantum key distribution at 28 bit/s rate in a telecommunications fiber channel with 45 dB loss using a subcarrier wave approach. This approach offers polarization independency, high bitrates and wide multiplexing capabilities.},
}

@article{ refId0,
	author = {{Gleim, A.V.} and {Nazarov, Yu.V.} and {Egorov, V.I.} and {Smirnov, S.V.} and {Bannik, O.I.} and {Chistyakov, V.V.} and {Kynev, S.M.} and {Anisimov, A.A.} and {Kozlov, S.A.} and {Vasiliev, V.N.}},
	title = {Subcarrier Wave Quantum Key Distribution in Telecommunication Network with Bitrate 800 kbit/s},
	DOI= "10.1051/epjconf/201510310005",
	url= "https://doi.org/10.1051/epjconf/201510310005",
	journal = {EPJ Web of Conferences},
	year = 2015,
	volume = 103,
	pages = "10005",
}

@article{Chistyakov_2016,
	doi = {10.1088/1742-6596/735/1/012085},
	url = {https://doi.org/10.1088%2F1742-6596%2F735%2F1%2F012085},
	year = 2016,
	month = {aug},
	publisher = {{IOP} Publishing},
	volume = {735},
	pages = {012085},
	author = {V V Chistyakov and S V Smirnov and Yu V Nazarov and S M Kynev and A V Gleim},
	title = {Achieving high visibility in subcarrier wave quantum key distribution system},
	journal = {Journal of Physics: Conference Series},
	abstract = {We study influence of quantum signal polarization distortions in the optical fiber on the interference pattern visibility in a subcarrier wave quantum key distribution system. An optical scheme of the polarization compensation unit is suggested, and dynamics of the QBER depending on the unit architecture is explored.}
}

@article{Kynev_2017,
	doi = {10.1088/1742-6596/917/5/052003},
	url = {https://doi.org/10.1088%2F1742-6596%2F917%2F5%2F052003},
	year = 2017,
	month = {nov},
	publisher = {{IOP} Publishing},
	volume = {917},
	pages = {052003},
	author = {S M Kynev and V V Chistyakov and S V Smirnov and K P Volkova and V I Egorov and A V Gleim},
	title = {Free-space subcarrier wave quantum communication},
	journal = {Journal of Physics: Conference Series},
	abstract = {We experimentally demonstrate quantum communication in 10 dB loss outdoor atmospheric channel with 5 kbit/s bitrate using subcarrier wave coding method. Free-space link was organized by telescoping system with symmetric fiber-optic collimators.}
}

@article{Gaidash_2017,
	doi = {10.1088/1742-6596/917/6/062014},
	url = {https://doi.org/10.1088%2F1742-6596%2F917%2F6%2F062014},
	year = 2017,
	month = {nov},
	publisher = {{IOP} Publishing},
	volume = {917},
	pages = {062014},
	author = {A Gaidash and A Kozubov and V Chistyakov and G Miroshnichenko and V Egorov and A Gleim},
	title = {Security conditions for sub-carrier wave quantum key distribution protocol in errorless channel},
	journal = {Journal of Physics: Conference Series},
	abstract = {Article deals with security criterion for sub-carrier wave quantum key distribution (SCW QKD) protocol in errorless channel. SCW QKD is promising type of QKD system in a field of telecommunications due to its compatibility and very efficient using of channel spectral bandwidth. Corresponding expression of security condition was derived for the first time in this work.}
}

@article{Gleĭm:17,
author = {A. V. Gleĭm and V. V. Chistyakov and O. I. Bannik and V. I. Egorov and N. V. Buldakov and A. B. Vasilev and A. A. Gaĭdash and A. V. Kozubov and S. V. Smirnov and S. M. Kynev and S. \'{E}. Khoruzhnikov and S. A. Kozlov and V. N. Vasil'ev},
journal = {J. Opt. Technol.},
keywords = {Quantum communications ; Quantum communications ; Quantum cryptography ; Fiber optic cables; Quantum communications; Quantum networks},
number = {6},
pages = {362--367},
publisher = {OSA},
title = {Sideband quantum communication at 1\&\#x2009;\&\#x2009;Mbit/s on a metropolitan area network},
volume = {84},
month = {Jun},
year = {2017},
url = {http://jot.osa.org/abstract.cfm?URI=jot-84-6-362},
doi = {10.1364/JOT.84.000362},
abstract = {We demonstrate qubit transmission via an optical cable in a metropolitan area network using quantum communications via sidebands with record-setting system parameters for such systems in network mode. The sifted-key generation rate was 1.06\&\#x00A0;Mbits/s with losses of 1.63\&\#x00A0;dB and a quantum error coefficient of 1\%.},
}

@article{Chistyakov_2014,
	doi = {10.1088/1742-6596/541/1/012078},
	url = {https://doi.org/10.1088%2F1742-6596%2F541%2F1%2F012078},
	year = 2014,
	month = {oct},
	publisher = {{IOP} Publishing},
	volume = {541},
	pages = {012078},
	author = {V V Chistyakov and A V Gleim and V I Egorov and Yu V Nazarov},
	title = {Implementation of multiplexing in a subcarrier-wave quantum cryptography system},
	journal = {Journal of Physics: Conference Series},
	abstract = {Quantum cryptography allows distributing secure keys in a way that any eavesdropping in the channel is inevitably detected. This work is dedicated to introducing wavelength division multiplexing in a subcarrier-wave quantum cryptography system. Compared to other existing schemes, the resulting device is able to achieve higher bitrates (up to 2.26 Mbit/s at 20 km), is robust against external conditions and compatible with standard telecommunication fibres in multi-user environment.}
}

@article{JOT,
author = {А. В. Глейм, В. В. Чистяков, О. И. Банник, В. И. Егоров, Н. В. Буладков,  А. Б. Васильев, А. А. Гайдаш, А. В. Козубов. С. В. Смирнов, С. М. Кынев, С. Э. Хоружников, С. А. Козлов и В. Н. Васильев},
journal = {Оптический журнал},
keywords = {квантовая коммуникация, квантовые сети, волоконно-оптические линии связи},
number = {6},
pages = {1--7},
publisher = {OSA},
title = {Квантовая коммуникация на боковых частотах со скоростью 1 Мбит/с в городской сети},
volume = {84},
month = {Jun},
year = {2017},
url = {https://www.opticjourn.ru/vipuski/1536-opticheskij-zhurnal-tom-84-06-2017.html},
doi = {10.1364/JOT.84.000362},
abstract = {Продемонстрирована рассылка квантовых бит по оптическому кабелю в городской телекоммуникаци- онной сети методом квантовой коммуникации на боковых частотах с параметрами, рекордными для дан- ного типа систем в сетевом режиме. При потерях в канале 1,63 дБ скорость генерации просеянных ключей составила 1,06 Мбит/с, значение квантового коэффициента ошибок — 1%.},
