@ARTICLE{vakbib1,
  author = {Фамилия, И. О. and Фамилия2, И. О. and Фамилия3, И. О.},
  addendum = {(0,28~п.~л.)},
  title = {Название статьи},
  journal = {Журнал},
  year = {2013},
  volume = {1},
  number = {5},
  pages = {100--120},
  language = {russian},
}

@ARTICLE{vakbib2,
  author = {Фамилия, И. О. and Фамилия2, И. О. and Фамилия3, И. О. and Фамилия4, И. О.},
  addendum = {(0,33~п.~л.~/ 0,28~п.~л.)},
  title = {Название статьи},
  journal = {Журнал},
  year = {2014},
  volume = {1},
  number = {5},
  pages = {100--120},
  language = {russian},
}


@article{JOT,
author = {А. В. Глейм, В. В. Чистяков, О. И. Банник, В. И. Егоров, Н. В. Буладков,  А. Б. Васильев, А. А. Гайдаш, А. В. Козубов. С. В. Смирнов, С. М. Кынев, С. Э. Хоружников, С. А. Козлов и В. Н. Васильев},
journal = {Оптический журнал},
keywords = {квантовая коммуникация, квантовые сети, волоконно-оптические линии связи},
number = {6},
pages = {1--7},
publisher = {OSA},
title = {Квантовая коммуникация на боковых частотах со скоростью 1 Мбит/с в городской сети},
volume = {84},
month = {Jun},
year = {2017},
url = {https://www.opticjourn.ru/vipuski/1536-opticheskij-zhurnal-tom-84-06-2017.html},
doi = {10.1364/JOT.84.000362},
abstract = {Продемонстрирована рассылка квантовых бит по оптическому кабелю в городской телекоммуникаци- онной сети методом квантовой коммуникации на боковых частотах с параметрами, рекордными для дан- ного типа систем в сетевом режиме. При потерях в канале 1,63 дБ скорость генерации просеянных ключей составила 1,06 Мбит/с, значение квантового коэффициента ошибок — 1%.},
